@article{Boeing2019,
  title={Spatial Information and the Legibility of Urban Form: Big Data in Urban Morphology},
  author={Boeing, G.},
  journal={Journal of Information Management},
  volume={56},
  number={102013},
  year={2019},
  publisher={Science Direct}
}
@article{Boeing2017,
  title={OSMnx: New Methods for Acquiring, Constructing, Analyzing, and Visualizing Complex Street Networks},
  author={Boeing, G.},
  year={2017},
  journal={Computers, Environment and Urban Systems},
  volume={65},
  pages={26--139},
  publisher={Science Direct}
}
